@Book{Bear2001,
ALTauthor = {Mark F. Bear and Barry W. Connors and Michael A. Paradiso},
title = {Neuroscience: exploring the brain},
publisher = {Lippincott Williams \& Wilkins},
year = {2001},
OPTedition = {second}
}

@Article{GE1990,
author = {Alexander GE and Crutcher MD},
title = {Functional architecture of basal ganglia circuits; neural substrates of parallel processing},
journal = {Trends Neurosci},
year = {1990},
OPTkey = {•},
OPTvolume = {13},
OPTpages = {266-271}
}

@Article{Haber2000,
author = {Haber SN and Fudge JL and McFarland NR},
title = {Striatonigrostriatal pathways in primates form an ascending spiral from the shell to the dorsolateral striatum},
journal = {J. Neurosci},
year = {2000},
OPTvolume = {20},
OPTpages = {2369-2382}
}

@Article{Parent1990,
author = {Parent A},
title = {Extrinsic connections of the basal ganglia},
journal = {Trends in Neurosci.},
year = {1990},
OPTvolume = {13},
OPTpages = {254-258}
}

@Article{Kreitzer2009,
author = {Kreitzer AC},
title = {Physiology and pharmacology of striatal neurons},
journal = {Rev Neurosci},
year = {2009},
OPTnumber = {32},
OPTpages = {127-147}
}

@Article{Saywell2008,
author = {Saywell N and Taylor D},
title = {The role of the cerebellum in procedural learning – are there implications for physiotherapists’ clinical practice?},
journal = {Physiother Theory practice},
year = {2008},
OPTvolume = {24},
OPTnumber = {5},
OPTpages = {321-328}
}

@Article{Shu2000,
author = {S.Y. Shu and X.M. Bao and C.Zhang and S.X. Li and W.Y. Chan and D. Yew},
title = {A New Subdivision, Marginal Division, in the Neostriatum of the Monkey Brain},
journal = {Biomedical and Life Sciences},
year = {2000},
OPTvolume = {25},
OPTnumber = {2}
}


@Article{Gorp1999,
author = {van Gorp et. al.},
title = {Declarative and Procedural Memory Functioning in Abstinent Cocaine Abusers},
journal = {Archives of general psychiatry},
year = {1999},
OPTvolume = {56},
OPTnumber = {1},
OPTpages = {85}
}

@Article{Allen2004,
author = {Allen, J.S. and Anderson, S.W. and Castro-Caldas, A. and Cavaco, S. and Damasio, H.},
title = {The scope of preserved procedural memory in amnesia},
journal = {Brain Advance Access},
year = {2004}
}

@Article{Dotto1996,
author = {Dotto, L.},
title = {Sleep Stages, Memory and Learning},
journal = {Canadian Medical Association},
year = {1996},
OPTvolume = {154},
OPTnumber = {8}
}

@Article{Balota1993,
author = {Balota, D.A. and Connor, L.T. and Ferraro, F.R.},
title = {Implicit Memory and the Formation of New Associations in Nondemented Parkinson’s Disease Individuals and Individuals with Senile Dementia of the Alzheimer Type: A Serial Reaction Time (SRT) Investigation},
journal = {Brain and Cognition},
year = {1993},
OPTvolume = {21},
OPTpages = {163-180}
}

@Article{Corkin1993,
author = {Corkin, S. and Gabrieli, J. D. E. and Growdon, J. H. and Mickel, S. F.},
title = {Intact Acquisition and Long-Term Retention of Mirror-Tracing Skill in Alzheimer’s Disease and in Global Amnesia},
journal = {Behavioural Neuroscience},
year = {1993},
OPTvolume = {107},
OPTnumber = {6},
OPTpages = {899-910}
}

@Article{Packard2003,
author = {Packard, M.G. and Poldrack, R.A.},
title = {Competition among multiple memory systems: converging evidence from animal and human brain studies},
journal = {Neuropsychologia},
year = {2003},
OPTvolume = {41},
OPTpages = {245-251}
}

@Article{Sesek2006,
author = {Šešok, S.},
title = {Spomin – Kaj to je in kako deluje?},
journal = {Zdrav. Vestnik},
year = {2006},
OPTvolume = {75},
OPTpages = {101-104}
}


